@misc{ai-applications, 
 	title={Ha EJ, Baek JH. Applications of machine learning and deep learning to thyroid imaging: 
 	where do we stand? Ultrasonography. 2021 Jan;40(1):23-29. doi: 10.14366/usg.20068. Epub 2020 Jul 3. PMID: 32660203; PMCID: PMC7758100.}, 
 	url={https://pubmed.ncbi.nlm.nih.gov/32660203/}, 
 	journal={PubMed}, 
 	author={Eun Ju Ha , Jung Hwan Baek}, 
 	year={2021}, 
 	month={Jan}} 

@article{pautasso_zimmermann_leymann_2008, 
	title={Restful web services vs. "big" web services}, 
	DOI={10.1145/1367497.1367606}, 
	journal={Proceeding of the 17th international conference on World Wide Web - WWW 08}, 
	author={Pautasso, Cesare and Zimmermann, Olaf and Leymann, Frank}, 
	year={2008}
}
@book{friedrichsen_ruffolo_monk_starks_pratt_last_1995,
	 title={Concepts of database management},
	 author={Friedrichsen},
	  year={1995}
@article{oop,
	author = {Stroustrup, Bjarne},
	year = {1988},
	month = {06},
	pages = {10 - 20},
	title = {What is “Object-oriented Programming”?},
	volume = {5},
	journal = {Software, IEEE},
	doi = {10.1109/52.2020}
}
 
@misc{rfc4122,
	AUTHOR = "P. Leach",
	TITLE = "{A Universally Unique IDentifier (UUID) URN Namespace}",
	HOWPUBLISHED = {Internet Requests for Comments},
	TYPE="{RFC}",
	NUMBER=4122,
	PAGES = {1-32},
	YEAR = {2005},
	MONTH = {July},
	PUBLISHER = "{RFC Editor}",
	INSTITUTION = "{RFC Editor}",
	URL={https://tools.ietf.org/html/rfc4122}}

@misc{uri-rfc3986,
	AUTHOR = "T. Berners-Lee",
	TITLE = "{Uniform Resource Identifier (URI): Generic Syntax}",
	HOWPUBLISHED = {Internet Requests for Comments},
	TYPE="{RFC}",
	NUMBER=4122,
	PAGES = {1-61},
	YEAR = {2005},
	MONTH = {January},
	PUBLISHER = "{RFC Editor}",
	INSTITUTION = "{RFC Editor}",
	URL={https://tools.ietf.org/html/rfc3986}}
 
@misc{rfc1321,
	AUTHOR = "R. Rivest",
	TITLE = "{The MD5 Message-Digest Algorithm}",
	HOWPUBLISHED = {Internet Requests for Comments},
	TYPE="{RFC}",
	NUMBER=1321,
	PAGES = {1-21},
	YEAR = {1992},
	MONTH = {April},
	PUBLISHER = "{RFC Editor}",
	INSTITUTION = "{RFC Editor}",
	URL={https://tools.ietf.org/html/rfc1321}}

@misc{fna-proccess, 
	title={Fine Needle Aspiration Biopsy of Thyroid Nodules}, 
	url={https://www.thyroid.org/fna-thyroid-nodules/>}, 
	journal={American Thyroid Association},
	year={2019},
	month={Oct}}

@article{MANBER1996171,
	title = {A simple scheme to make passwords based on one-way functions much harder to crack},
	journal = {Computers and Security},
	volume = {15},
	number = {2},
	pages = {171-176},
	year = {1996},
	issn = {0167-4048},
	doi = {https://doi.org/10.1016/0167-4048(96)00003-X},
	url = {https://www.sciencedirect.com/science/article/pii/016740489600003X},
	author = {Udi Manber},
}

@misc{nino-format, 
	title={National Insurance Manual}, 
	url={https://www.gov.uk/hmrc-internal-manuals/national-insurance-manual/nim39110}, 
	journal={American Thyroid Association},
	year={2021},
	month={April}}

@misc{rfc2818,
	AUTHOR = "E. Rescorla",
	TITLE = "{HTTP Over TLS}",
	HOWPUBLISHED = {Internet Requests for Comments},
	TYPE="{RFC}",
	NUMBER=2818,
	PAGES = {1-21},
	YEAR = {2000},
	MONTH = {May},
	PUBLISHER = "{RFC Editor}",
	INSTITUTION = "{RFC Editor}",
	URL={https://tools.ietf.org/html/rfc2818}}
@misc{rfc3629,
	AUTHOR = "F. Yergeau",
	TITLE = "{UTF-8, a transformation format of ISO 10646}",
	HOWPUBLISHED = {Internet Requests for Comments},
	TYPE="{RFC}",
	NUMBER=3629,
	PAGES = {1-14},
	YEAR = {2003},
	MONTH = {November},
	PUBLISHER = "{RFC Editor}",
	INSTITUTION = "{RFC Editor}",
	URL={https://tools.ietf.org/html/rfc3629}}
@misc{jpeg-iso10918-1,
	added-at = {2009-01-14T00:43:43.000+0100},
	author = {{International Organization for Standardization}},
	biburl = {https://www.bibsonomy.org/bibtex/2982fec2ea3ae28b8fc11bdf84c7fd399/dret},
	description = {dret'd bibliography},
	howpublished = {ISO/IEC 10918-1},
	interhash = {cdace50c034e2dce81e409b3e08fc45e},
	intrahash = {982fec2ea3ae28b8fc11bdf84c7fd399},
	keywords = {imported},
	timestamp = {2009-01-14T00:44:03.000+0100},
	title = {Information technology --- Digital compression and coding of continuous-tone still images: Requirements and guidelines},
	topic = {jpeg[1]},
	year = 1994
}
@misc{session-rfc6265,
	AUTHOR = "A. Barth",
	TITLE = "{HTTP State Management Mechanism}",
	HOWPUBLISHED = {Internet Requests for Comments},
	TYPE="{RFC}",
	NUMBER=6265,
	PAGES = {1-37},
	YEAR = {2011},
	MONTH = {April},
	PUBLISHER = "{RFC Editor}",
	INSTITUTION = "{RFC Editor}",
	URL={https://tools.ietf.org/html/rfc6265}}
@misc{json-rfc7159,
	AUTHOR = "T. Bray, Ed.",
	TITLE = "{The JavaScript Object Notation (JSON) Data Interchange Format}",
	HOWPUBLISHED = {Internet Requests for Comments},
	TYPE="{RFC}",
	NUMBER=7159,
	PAGES = {1-15},
	YEAR = {2014},
	MONTH = {March},
	PUBLISHER = "{RFC Editor}",
	INSTITUTION = "{RFC Editor}",
	URL={https://tools.ietf.org/html/rfc7159}}
@misc{restful-rfc7231,
	AUTHOR = "R. Fielding, Ed.",
	TITLE = "{Hypertext Transfer Protocol (HTTP/1.1): Semantics and Content}",
	HOWPUBLISHED = {Internet Requests for Comments},
	TYPE="{RFC}",
	NUMBER=7231,
	PAGES = {1-97},
	YEAR = {2014},
	MONTH = {March},
	PUBLISHER = "{RFC Editor}",
	INSTITUTION = "{RFC Editor}",
	URL={https://tools.ietf.org/html/rfc7231}}
@misc{base64-4648,
	AUTHOR = "S. Josefsson",
	TITLE = "{The Base16, Base32, and Base64 Data Encodings}",
	HOWPUBLISHED = {Internet Requests for Comments},
	TYPE="{RFC}",
	NUMBER=4648,
	PAGES = {1-16},
	YEAR = {2006},
	MONTH = {Octomber},
	PUBLISHER = "{RFC Editor}",
	INSTITUTION = "{RFC Editor}",
	URL={https://tools.ietf.org/html/rfc4648}}
@misc{sessionID-rfc7329,
	AUTHOR = "H. Kaplan",
	TITLE = "{A Session Identifier for the Session Initiation Protocol (SIP)}",
	HOWPUBLISHED = {Internet Requests for Comments},
	TYPE="{RFC}",
	NUMBER=7329,
	PAGES = {1-15},
	YEAR = {2014},
	MONTH = {August},
	PUBLISHER = "{RFC Editor}",
	INSTITUTION = "{RFC Editor}",
	URL={https://tools.ietf.org/html/rfc7329}}
@book{newman_2020, 
	place={Sebastopol, CA}, 
	title={Monolith to microservices: evolutionary patterns to transform your monolith}, 
	publisher={O'Reilly Media, Inc}, 
	author={Newman, Sam}, 
	year={2020}} 
@misc{hewitt2015actor,
	title={Actor Model of Computation: Scalable Robust Information Systems}, 
	author={Carl Hewitt},
	year={2015},
	eprint={1008.1459},
	archivePrefix={arXiv},
	primaryClass={cs.PL}
}

@misc{jacques_2018, 
	title={Introducing Axios, a Popular, Promise-based HTTP Client}, 
	url={https://www.sitepoint.com/axios-beginner-guide/}, 
	journal={SitePoint}, 
	publisher={SitePoint}, 
	author={Jacques, Nilson}, 
	year={2018},
	 month={Jun}}